[gd_scene load_steps=5 format=2]

[ext_resource path="res://WORLD.cs" type="Script" id=1]

[sub_resource type="BoxShape" id=1]

[sub_resource type="BoxShape" id=2]
extents = Vector3( 10, 0.25, 10 )

[sub_resource type="SphereShape" id=3]

[node name="WORLD" type="Spatial"]
script = ExtResource( 1 )

[node name="BOX" type="KinematicBody" parent="."]
transform = Transform( 1, 0, 0, 0, 1, 0, 0, 0, 1, 0, 1.49758, 0 )

[node name="COLLISIONSHAPE" type="CollisionShape" parent="BOX"]
shape = SubResource( 1 )

[node name="ROTATION" type="Spatial" parent="BOX"]

[node name="MODEL" type="CSGBox" parent="BOX/ROTATION"]

[node name="CAMERA" type="Camera" parent="BOX/ROTATION"]
transform = Transform( 1, 0, 0, 0, 1, 0, 0, 0, 1, 0, 0, 3.7576 )

[node name="MAP" type="KinematicBody" parent="."]

[node name="COLLISIONSHAPE" type="CollisionShape" parent="MAP"]
shape = SubResource( 2 )

[node name="MODEL" type="CSGBox" parent="MAP"]
width = 20.0
height = 0.5
depth = 20.0

[node name="SPHERE" type="KinematicBody" parent="."]
transform = Transform( 1, 0, 0, 0, 1, 0, 0, 0, 1, 0, 7.58028, -5.95125 )

[node name="COLLISIONSHAPE" type="CollisionShape" parent="SPHERE"]
shape = SubResource( 3 )

[node name="MODEL" type="CSGSphere" parent="SPHERE"]

[node name="SPATIAL" type="Spatial" parent="."]
